<?xml version="1.0" encoding="UTF-8"?><collection xmlns="http://www.loc.gov/MARC21/slim"><record><leader>00513nam--2200121-i-4500</leader><controlfield tag="001">000011784</controlfield><controlfield tag="002">20161230</controlfield><controlfield tag="005">20161230201029</controlfield><controlfield tag="008">060222s1000------------r-----000-0-eng-d</controlfield><datafield ind1=" " ind2=" " tag="080"><subfield code="a">530.L:51-7 (061.3)</subfield></datafield><datafield ind1=" " ind2=" " tag="245"><subfield code="a">Control theory and topics in functional analy sis. lectures presented at an international seminar course at trieste from ll september to 29 november 1974 organized by the interna tional centre for theoretical physics,trieste</subfield></datafield><datafield ind1=" " ind2=" " tag="260"><subfield code="a">Vienna, International Atomic Energy Agency, 1976</subfield></datafield><datafield ind1=" " ind2=" " tag="852"><subfield code="a">43.442</subfield></datafield></record></collection>